<?xml version="1.0" encoding="UTF-8"?>
<OAI-PMH xmlns="http://www.openarchives.org/OAI/2.0/" xmlns:xsi="http://www.w3.org/2001/XMLSchema-instance" xsi:schemaLocation="http://www.openarchives.org/OAI/2.0/ http://www.openarchives.org/OAI/2.0/OAI-PMH.xsd">
<ListRecords>
<record>
<header status="updated">
<identifier>urm_publish:71286731040002121</identifier>
</header>
<metadata>
<record xmlns="http://www.loc.gov/MARC21/slim" xmlns:xsi="http://www.w3.org/2001/XMLSchema-instance" xsi:schemaLocation="http://www.loc.gov/MARC21/slim http://www.loc.gov/standards/marcxml/schema/MARC21slim.xsd" ><leader>01429mam a2200373 a 4500</leader><controlfield tag="005">20070604125821.0</controlfield><controlfield tag="008">880616s1987    ii           s00010beng  </controlfield><controlfield tag="001">999598424402121</controlfield><datafield tag="010" ind1=" " ind2=" "><subfield code="a">   88901172 </subfield></datafield><datafield tag="020" ind1=" " ind2=" "><subfield code="c">Rs50.00</subfield></datafield><datafield tag="025" ind1=" " ind2=" "><subfield code="a">I E 57034</subfield></datafield><datafield tag="035" ind1=" " ind2=" "><subfield code="a">(OCoLC)20610003</subfield></datafield><datafield tag="035" ind1=" " ind2=" "><subfield code="9">AKJ7808UW</subfield></datafield><datafield tag="035" ind1=" " ind2=" "><subfield code="a">(WU)1343298-uwmadisondb</subfield></datafield><datafield tag="040" ind1=" " ind2=" "><subfield code="a">DLC</subfield><subfield code="b">eng</subfield><subfield code="c">DLC</subfield><subfield code="d">GZM</subfield></datafield><datafield tag="041" ind1="1" ind2=" "><subfield code="a">eng</subfield><subfield code="h">tam</subfield></datafield><datafield tag="043" ind1=" " ind2=" "><subfield code="a">a-ii---</subfield></datafield><datafield tag="050" ind1="0" ind2="0"><subfield code="a">BL1175.R34</subfield><subfield code="b">S513 1987</subfield></datafield><datafield tag="100" ind1="1" ind2=" "><subfield code="a">Civañān̲am, Ma. Po.,</subfield><subfield code="d">1906-1995.</subfield><subfield code="2">LCNAMES</subfield><subfield code="0">41-LIBRARY_OF_CONGRESS-n  81040726</subfield><subfield code="9">Y</subfield></datafield><datafield tag="240" ind1="1" ind2="0"><subfield code="a">Vaḷḷalār kaṇṭa orumaippāṭu.</subfield><subfield code="l">English</subfield></datafield><datafield tag="245" ind1="1" ind2="4"><subfield code="a">The universal vision of Saint Ramalinga :</subfield><subfield code="b">Vallalar kanda orumaippadu /</subfield><subfield code="c">by M.P. Sivagnanam ; an English translation from Tamil by R. Ganapathy.</subfield></datafield><datafield tag="250" ind1=" " ind2=" "><subfield code="a">First edition.</subfield></datafield><datafield tag="264" ind1=" " ind2="1"><subfield code="a">Annamalainagar :</subfield><subfield code="b">Annamalai University,</subfield><subfield code="c">1987.</subfield></datafield><datafield tag="300" ind1=" " ind2=" "><subfield code="a">xix, 345 pages ;</subfield><subfield code="c">26 cm</subfield></datafield><datafield tag="336" ind1=" " ind2=" "><subfield code="a">text</subfield><subfield code="b">txt</subfield><subfield code="2">rdacontent</subfield></datafield><datafield tag="337" ind1=" " ind2=" "><subfield code="a">unmediated</subfield><subfield code="b">n</subfield><subfield code="2">rdamedia</subfield></datafield><datafield tag="338" ind1=" " ind2=" "><subfield code="a">volume</subfield><subfield code="b">nc</subfield><subfield code="2">rdacarrier</subfield></datafield><datafield tag="500" ind1=" " ind2=" "><subfield code="a">Translation of: Vaḷḷalār kaṇṭa orumaippāṭu.</subfield></datafield><datafield tag="520" ind1=" " ind2=" "><subfield code="a">On the philosophy of Swami Ramalinga, 1823-1874, Tamil religious poet and founder of the Samarasa Suddha Sanmarga, syncretic religious movement in Tamil Nadu.</subfield></datafield><datafield tag="600" ind1="0" ind2="0"><subfield code="a">Ramalinga,</subfield><subfield code="c">Swami,</subfield><subfield code="d">1823-1874.</subfield><subfield code="2">LCNAMES</subfield><subfield code="0">41-LIBRARY_OF_CONGRESS-n  79150461</subfield><subfield code="9">Y</subfield></datafield><datafield tag="650" ind1=" " ind2="0"><subfield code="a">Hindus</subfield><subfield code="z">India</subfield><subfield code="v">Biography.</subfield><subfield code="2">LCSH</subfield><subfield code="0">41-LIBRARY_OF_CONGRESS-sh2008105636</subfield><subfield code="9">Y</subfield></datafield><datafield tag="650" ind1=" " ind2="0"><subfield code="a">Poets, Tamil</subfield><subfield code="y">19th century</subfield><subfield code="v">Biography.</subfield><subfield code="2">LCSH</subfield><subfield code="0">41-LIBRARY_OF_CONGRESS-sh 85103875</subfield><subfield code="9">Y</subfield></datafield><datafield tag="740" ind1="0" ind2=" "><subfield code="a">Vallalar kanda orumaippadu.</subfield></datafield><datafield tag="997" ind1=" " ind2=" "><subfield code="a">MARCIVE</subfield></datafield><datafield tag="650" ind1=" " ind2="0"><subfield code="a">Tamil poets</subfield><subfield code="2">LCSH</subfield><subfield code="0">41-LIBRARY_OF_CONGRESS-sh 85103875</subfield><subfield code="9">N</subfield></datafield><datafield tag="100" ind1="1" ind2=" "><subfield code="a">Ci., Ma. Po.,</subfield><subfield code="d">1906-1995</subfield><subfield code="2">LCNAMES</subfield><subfield code="0">41-LIBRARY_OF_CONGRESS-n  81040726</subfield><subfield code="9">N</subfield></datafield><datafield tag="100" ind1="1" ind2=" "><subfield code="a">Cilampuc Celvar,</subfield><subfield code="d">1906-1995</subfield><subfield code="2">LCNAMES</subfield><subfield code="0">41-LIBRARY_OF_CONGRESS-n  81040726</subfield><subfield code="9">N</subfield></datafield><datafield tag="100" ind1="1" ind2=" "><subfield code="a">Civañān̲a Kirāmaṇiyār, Ma. Po.,</subfield><subfield code="d">1906-1995</subfield><subfield code="2">LCNAMES</subfield><subfield code="0">41-LIBRARY_OF_CONGRESS-n  81040726</subfield><subfield code="9">N</subfield></datafield><datafield tag="100" ind1="1" ind2=" "><subfield code="a">Gramani, M. P. Sivagnana,</subfield><subfield code="d">1906-1995</subfield><subfield code="2">LCNAMES</subfield><subfield code="0">41-LIBRARY_OF_CONGRESS-n  81040726</subfield><subfield code="9">N</subfield></datafield><datafield tag="100" ind1="1" ind2=" "><subfield code="a">Kirāmaṇiyār, Ma. Po. Civañān̲a,</subfield><subfield code="d">1906-1995</subfield><subfield code="2">LCNAMES</subfield><subfield code="0">41-LIBRARY_OF_CONGRESS-n  81040726</subfield><subfield code="9">N</subfield></datafield><datafield tag="100" ind1="1" ind2=" "><subfield code="a">Ma. Po. Ci.,</subfield><subfield code="d">1906-1995</subfield><subfield code="2">LCNAMES</subfield><subfield code="0">41-LIBRARY_OF_CONGRESS-n  81040726</subfield><subfield code="9">N</subfield></datafield><datafield tag="100" ind1="1" ind2=" "><subfield code="a">Sivagnana Gramani, M. P.,</subfield><subfield code="d">1906-1995</subfield><subfield code="2">LCNAMES</subfield><subfield code="0">41-LIBRARY_OF_CONGRESS-n  81040726</subfield><subfield code="9">N</subfield></datafield><datafield tag="100" ind1="1" ind2=" "><subfield code="a">Sivagnanam, M. P.,</subfield><subfield code="d">1906-1995</subfield><subfield code="2">LCNAMES</subfield><subfield code="0">41-LIBRARY_OF_CONGRESS-n  81040726</subfield><subfield code="9">N</subfield></datafield><datafield tag="100" ind1="1" ind2=" "><subfield code="a">Sivagnanam, Ma. Po.,</subfield><subfield code="d">1906-1995</subfield><subfield code="2">LCNAMES</subfield><subfield code="0">41-LIBRARY_OF_CONGRESS-n  81040726</subfield><subfield code="9">N</subfield></datafield><datafield tag="100" ind1="1" ind2=" "><subfield code="a">Sivagnanam, Maa. Po.,</subfield><subfield code="d">1906-1995</subfield><subfield code="2">LCNAMES</subfield><subfield code="0">41-LIBRARY_OF_CONGRESS-n  81040726</subfield><subfield code="9">N</subfield></datafield><datafield tag="600" ind1="0" ind2="0"><subfield code="a">Chidambaram Ramalinga,</subfield><subfield code="d">1823-1874</subfield><subfield code="2">LCNAMES</subfield><subfield code="0">41-LIBRARY_OF_CONGRESS-n  79150461</subfield><subfield code="9">N</subfield></datafield><datafield tag="600" ind1="0" ind2="0"><subfield code="a">Cuvāmikaḷ, Irāmaliṅka,</subfield><subfield code="d">1823-1874</subfield><subfield code="2">LCNAMES</subfield><subfield code="0">41-LIBRARY_OF_CONGRESS-n  79150461</subfield><subfield code="9">N</subfield></datafield><datafield tag="600" ind1="0" ind2="0"><subfield code="a">Irāmaiya Piḷḷai Irāmaliṅkam,</subfield><subfield code="d">1823-1874</subfield><subfield code="2">LCNAMES</subfield><subfield code="0">41-LIBRARY_OF_CONGRESS-n  79150461</subfield><subfield code="9">N</subfield></datafield><datafield tag="600" ind1="0" ind2="0"><subfield code="a">Irāmaliṅka Aṭikaḷ,</subfield><subfield code="d">1823-1874</subfield><subfield code="2">LCNAMES</subfield><subfield code="0">41-LIBRARY_OF_CONGRESS-n  79150461</subfield><subfield code="9">N</subfield></datafield><datafield tag="600" ind1="0" ind2="0"><subfield code="a">Irāmaliṅka Cuvāmikaḷ,</subfield><subfield code="d">1823-1874</subfield><subfield code="2">LCNAMES</subfield><subfield code="0">41-LIBRARY_OF_CONGRESS-n  79150461</subfield><subfield code="9">N</subfield></datafield><datafield tag="600" ind1="0" ind2="0"><subfield code="a">Irāmaliṅkam, Ci.,</subfield><subfield code="d">1823-1874</subfield><subfield code="2">LCNAMES</subfield><subfield code="0">41-LIBRARY_OF_CONGRESS-n  79150461</subfield><subfield code="9">N</subfield></datafield><datafield tag="600" ind1="0" ind2="0"><subfield code="a">Irāmaliṅkam, Irāmaiya Piḷḷai,</subfield><subfield code="d">1823-1874</subfield><subfield code="2">LCNAMES</subfield><subfield code="0">41-LIBRARY_OF_CONGRESS-n  79150461</subfield><subfield code="9">N</subfield></datafield><datafield tag="600" ind1="0" ind2="0"><subfield code="a">Irāmaliṅkar, Ci.,</subfield><subfield code="d">1823-1874</subfield><subfield code="2">LCNAMES</subfield><subfield code="0">41-LIBRARY_OF_CONGRESS-n  79150461</subfield><subfield code="9">N</subfield></datafield><datafield tag="600" ind1="0" ind2="0"><subfield code="a">Marutūr Vaḷḷalār,</subfield><subfield code="d">1823-1874</subfield><subfield code="2">LCNAMES</subfield><subfield code="0">41-LIBRARY_OF_CONGRESS-n  79150461</subfield><subfield code="9">N</subfield></datafield><datafield tag="600" ind1="0" ind2="0"><subfield code="a">Pillai, Rāmaliṅga,</subfield><subfield code="d">1823-1874</subfield><subfield code="2">LCNAMES</subfield><subfield code="0">41-LIBRARY_OF_CONGRESS-n  79150461</subfield><subfield code="9">N</subfield></datafield><datafield tag="600" ind1="0" ind2="0"><subfield code="a">Ramalinga Adigal,</subfield><subfield code="d">1823-1874</subfield><subfield code="2">LCNAMES</subfield><subfield code="0">41-LIBRARY_OF_CONGRESS-n  79150461</subfield><subfield code="9">N</subfield></datafield><datafield tag="600" ind1="0" ind2="0"><subfield code="a">Ramalinga, Chidambaram,</subfield><subfield code="d">1823-1874</subfield><subfield code="2">LCNAMES</subfield><subfield code="0">41-LIBRARY_OF_CONGRESS-n  79150461</subfield><subfield code="9">N</subfield></datafield><datafield tag="600" ind1="0" ind2="0"><subfield code="a">Rāmaliṅga Pillai,</subfield><subfield code="d">1823-1874</subfield><subfield code="2">LCNAMES</subfield><subfield code="0">41-LIBRARY_OF_CONGRESS-n  79150461</subfield><subfield code="9">N</subfield></datafield><datafield tag="600" ind1="0" ind2="0"><subfield code="a">Rāmaliṅgasvāmigal,</subfield><subfield code="d">1823-1874</subfield><subfield code="2">LCNAMES</subfield><subfield code="0">41-LIBRARY_OF_CONGRESS-n  79150461</subfield><subfield code="9">N</subfield></datafield><datafield tag="600" ind1="0" ind2="0"><subfield code="a">Thiruvarutprakasa Vallalar,</subfield><subfield code="d">1823-1874</subfield><subfield code="2">LCNAMES</subfield><subfield code="0">41-LIBRARY_OF_CONGRESS-n  79150461</subfield><subfield code="9">N</subfield></datafield><datafield tag="600" ind1="0" ind2="0"><subfield code="a">Tiruvaruṭpirakāca Vaḷḷalār,</subfield><subfield code="d">1823-1874</subfield><subfield code="2">LCNAMES</subfield><subfield code="0">41-LIBRARY_OF_CONGRESS-n  79150461</subfield><subfield code="9">N</subfield></datafield><datafield tag="600" ind1="0" ind2="0"><subfield code="a">Vaḷḷalār,</subfield><subfield code="d">1823-1874</subfield><subfield code="2">LCNAMES</subfield><subfield code="0">41-LIBRARY_OF_CONGRESS-n  79150461</subfield><subfield code="9">N</subfield></datafield><datafield tag="600" ind1="0" ind2="0"><subfield code="a">Vaḷḷalār, Marutūr,</subfield><subfield code="d">1823-1874</subfield><subfield code="2">LCNAMES</subfield><subfield code="0">41-LIBRARY_OF_CONGRESS-n  79150461</subfield><subfield code="9">N</subfield></datafield><datafield tag="600" ind1="0" ind2="0"><subfield code="a">Vaḷḷalār, Tiruvaruṭpirakāca,</subfield><subfield code="d">1823-1874</subfield><subfield code="2">LCNAMES</subfield><subfield code="0">41-LIBRARY_OF_CONGRESS-n  79150461</subfield><subfield code="9">N</subfield></datafield><datafield tag="INST" ind1=" " ind2=" "><subfield code="a">01UWI_NETWORK</subfield><subfield code="b">P</subfield><subfield code="c">71286731040002121</subfield></datafield><datafield tag="INST" ind1=" " ind2=" "><subfield code="a">01UWI_MAD</subfield><subfield code="b">P</subfield><subfield code="c">21525101300002122</subfield></datafield><datafield tag="AVA" ind1=" " ind2=" "><subfield code="a">01UWI_MAD</subfield><subfield code="b">ILL</subfield><subfield code="c">ILL Lending Location</subfield><subfield code="d">BL1175 R34 S513 1987</subfield><subfield code="e">available</subfield><subfield code="f">1</subfield><subfield code="g">0</subfield><subfield code="j">illlending</subfield><subfield code="k">0</subfield><subfield code="p">1</subfield><subfield code="q">ILL Library</subfield></datafield><datafield tag="MMS" ind1=" " ind2=" "><subfield code="b">999598424402121</subfield><subfield code="a">01UWI_NETWORK</subfield></datafield><datafield tag="MMS" ind1=" " ind2=" "><subfield code="b">9913432983602122</subfield><subfield code="a">01UWI_MAD</subfield></datafield></record>
</metadata>
</record>
</ListRecords>
</OAI-PMH>